@book{guigue_estetica_2011,
	location = {São Paulo},
	title = {Estética da sonoridade: a herança de Debussy na música para piano do século {XX}},
	isbn = {978-85-273-0930-1},
	pagetotal = {406},
	author = {Guigue, Didier},
	date = {2011}
}

@thesis{soares_luteria_2015,
	location = {Juiz de Fora},
	title = {Luteria Composicional de algoritmos pós-tonais v1.1FINAL},
	url = {https://github.com/glerm/luteria/raw/master/LUTERIA_2015janeiro.pdf},
	shorttitle = {Luteria Composicional de algoritmos pós-tonais},
	pagetotal = {153},
	school = {{UFJF}},
	type = {Prévia da dissertação para a banca de quali- ficação para o Mestrado em Arte, Cultura e Linguagens do {IAD}-{UFJF}.},
	author = {Soares, Guilherme Rafael},
	year = {2015}
}

@misc{music21_2015,
	title = {Music21},
	url = {http://web.mit.edu/music21/},
	author = {Music21},
	year = {2015}
}

@misc{musescore_2015,
	title = {MuseScore},
	url = {https://musescore.org/en},
	author = {MuseScore},
	year = {2015}
}

@misc{musicxml_2015,
	title = {MusicXML},
	url = {http://www.musicxml.com/},
	author = {MusicXML},
	year = {2015}
}

@misc{lilypond_2015,
	title = {Lilypond},
	url = {http://lilypond.org/},
	author = {Lilypond},
	year = {2015}
}

@incollection{malt_concepts_2006,
	location = {Paris {IV}, Sorbonne, Paris},
	title = {Concepts et Modèles, de l’imaginaire à l’écriture dans la Composition Assistée par Ordinateur},
	volume = {2},
	series = {Musique et nouvelles technologies},
	abstract = {Séminaire postdoctoral « Musique, instruments machines », Sorbonne, Paris {IV}, le 15/12/03, sous la
coordination de Marc Battier},
	pages = {213--234},
	booktitle = {Musique, instruments, machines. Autour des musiques électroacoustiques},
	publisher = {Bruno Bossis, Anne Veitl et Marc Battier},
	author = {Malt, Mikhail},
	year = {2006}
}

@incollection{cope_prefacio_2008,
	location = {Paris},
	title = {Prefacio a {OM} Composer's Book Vol. 2},
	volume = {2},
	pages = {ix--xv},
	booktitle = {{OM} Composer's Book},
	publisher = {Editions Delatour},
	author = {Cope, Edward D.},
	year = {2008}
}

@book{strauss_introduction_2005,
        location = {New Jersey},
        title = {Introduction to Post-Tonal Theory},
        edition = {3},
        pages = {273},
        isbn = {0-13-189890-6},
        author = {Strauss, Joseph N.},
        year = {2005},
        publisher = {Pearson, Prentice Hall}
}

@book{koellreutter_introducao_1987,
       location = {Porto Alegre - RS},
        title = {Introdução à estética e à composição musical contemporânea;},
        organization = {Bernadette Zagonel, Salete M. La Chiamulera},
        edition = {2},
        pages = {57},
        author = {Koellreutter, H. J.},
        year = {1987},
        publisher = {Movimento}
}

@book{guigue_estetica_2011,
	location = {São Paulo},
	title = {Estética da sonoridade: a herança de Debussy na música para piano do século {XX}},
	isbn = {978-85-273-0930-1},
	pagetotal = {406},
	author = {Guigue, Didier},
	year = {2011}
}

@article{cascone_aesthetics_2000,
        author = {Kim Cascone},
        title = {The Aesthetics of Failure: 'Post-Digital' Tendencies in Contemporary Computer Music},
        publisher = {MIT Press},
        journal = {Computer Music Journal},
        vol = {24},
        issue = {4},
        location = {Winter},
        year =  {2000}
}