
@book{guigue_estetica_2011,
	location = {São Paulo},
	title = {Estética da sonoridade: a herança de Debussy na música para piano do século {XX}},
	isbn = {978-85-273-0930-1},
	pagetotal = {406},
	author = {Guigue, Didier},
	date = {2011}
}